@book{von2006100,
  title={100 neue Linux-Server Hacks},
  author={Von Hagen, W. and Jones, B.K.},
  isbn={9783897214613},
  url={http://books.google.de/books?id=n5z5fwsiq20C},
  year={2006},
  publisher={O'Reilly}
}

@manual{5159226,
author={Knoll, M. and Helling, M. and Wacker, A. and Holzapfel, S. and Weis, T.},
booktitle={Enabling Technologies: Infrastructures for Collaborative Enterprises, 2009. WETICE '09. 18th IEEE International Workshops on},
title={Bootstrapping Peer-to-Peer Systems Using IRC},
year={2009},
month={June},
pages={122-127},
keywords={Internet;network servers;peer-to-peer computing;protocols;Internet relay chat;centralized server;chat server;decentralized bootstrapping protocol;distributed network;flash crowds;peer-to-peer overlay network;peer-to-peer system bootstrapping;Collaborative work;Communication networks;Computer networks;Conferences;Home appliances;Network servers;Peer to peer computing;Protocols;Relays;Web server;Bootstrapping;IRC;P2P;automated;decentralized;efficient;peer-to-peer},
doi={10.1109/WETICE.2009.40},
ISSN={1524-4547}}







@internet{winforbit,
    visited={20.10.2015},
    title="{Naming Files, Paths, and Namespaces}",
    year=2015,
    organization="Microsoft",
    url="{https://msdn.microsoft.com/en-us/library/windows/desktop/aa365247%28v=vs.85%29.aspx}",
}

@internet{javaregex,
    visited={13.10.2015},
    title="{Java 8 API Pattern}",
    year=2015,
    organization="Oracle",
    url="{http://docs.oracle.com/javase/8/docs/api/java/util/regex/Pattern.html}",
}

@internet{sslmail,
    visited={07.10.2015},
    title="{GMX SSL Hilfe}",
    year=2014,
    organization="1und1",
    url="{https://hilfe.gmx.net/sicherheit/ssl.html}",
}



@internet{rfc2812,
    author="C. Kalt",    visited={29.09.2015},
    title="{Internet Relay Chat: Client Protocol}",
    booktitle="Request for Comments",
    number="2812",
    howpublished="RFC 2812 (Informational)",
    publisher="IETF",
    organization="Internet Engineering Task Force",
    year=2000,
    month=apr,
    url="http://www.ietf.org/rfc/rfc2812.txt",
}

@internet{rfc959,
    author={J. Postel and J. Reynolds},
    visited={29.09.2015},
    title={File Transfer Protocol},
    booktitle={Request for Comments},
    number={959},
    howpublished={RFC 959 (Standard)},
    publisher={IETF},
    organization={Internet Engineering Task Force},
    year={1985},
    month={oct},
    note={Updated by RFCs 2228, 2640, 2773, 3659, 5797},
    url={http://www.ietf.org/rfc/rfc959.txt}
}

@manual{yang2003designing,
    title={Designing a super-peer network},
    author={Yang, Beverly and Garcia-Molina, Hector},
    booktitle={Data Engineering, 2003. Proceedings. 19th International Conference on},
    pages={49--60},
    year={2003},
    organization={IEEE}
}



@book{cederholm2009web,
  title={Web Standards Solutions: The Markup and Style Handbook, Special Edition},
  author={Cederholm, D.},
  isbn={9781430219200},
  series={Friends of Ed Series},
  url={https://books.google.de/books?id=2N9MUvTfygYC},
  year={2009},
  publisher={Apress}
}
@book{inden2012weg,
	title={Der Weg zum Java-Profi : Konzepte und Techniken f{\"u}r die professionelle Java-Entwicklung},
	author={Inden, M.},
	isbn={9783864900051},
	url={https://books.google.de/books?id=Y080uQAACAAJ},
	year={2012},
	publisher={dpunkt.Verlag}
}
@book{coulouris2002verteilte,
	title={Verteilte Systeme: Konzepte und Design},
	author={Coulouris, G.F. and Dollimore, J. and Kindberg, T.},
	isbn={9783827370228},
	series={I, Informatik. Verteilte Systeme},
	url={https://books.google.de/books?id=VeFUAAAACAAJ},
	year={2002},
	publisher={Pearson Education Deutschland}
}
@manual{backx2002comparison,
	title={A comparison of peer-to-peer architectures},
	author={Backx, Peter and Wauters, Tim and Dhoedt, Bart and Demeester, Piet},
	booktitle={Eurescom Summit},
	volume={2},
	year={2002}
}
@book{mahlmann2007peer,
	title={Peer-to-Peer-Netzwerke: Algorithmen und Methoden},
	author={Mahlmann, P. and Schindelhauer, C.},
	isbn={9783540339922},
	series={eXamen.press},
	url={https://books.google.de/books?id=xJ8fBAAAQBAJ},
	year={2007},
	publisher={Springer Berlin Heidelberg}
}
@book{gaiser2008good,
	title={Good Tags - Bad Tags },
	author={Gaiser, B.},
	isbn={9783830920397},
	series={Medien in der Wissenschaft},
	url={https://books.google.de/books?id=bb0LGfAiGCUC},
	year={2008},
	publisher={Waxmann}
}


@manual{DBLP:journals/ijamc/WackerSSW08,
    author    = {Arno Wacker and
    Gregor Schiele and
    Sebastian Schuster and
    Torben Weis},
    title     = {Towards an authentication service for Peer-to-Peer based Massively
    Multiuser Virtual Environments},
    journal   = {{IJAMC}},
    volume    = {2},
    number    = {4},
    pages     = {364--379},
    year      = {2008},
    url       = {http://dx.doi.org/10.1504/IJAMC.2008.022221},
    doi       = {10.1504/IJAMC.2008.022221},
    timestamp = {Mon, 28 Sep 2009 14:42:08 +0200},
    biburl    = {http://dblp.uni-trier.de/rec/bib/journals/ijamc/WackerSSW08},
    bibsource = {dblp computer science bibliography, http://dblp.org}
}



@manual{4144906,
	author={Knoll, M. and Wacker, A. and Schiele, G. and Weis, T.},
	booktitle={Pervasive Computing and Communications Workshops, 2007. PerCom Workshops '07. Fifth Annual IEEE International Conference on},
	title={Decentralized Bootstrapping in Pervasive Applications},
	year={2007},
	month={March},
	pages={589-592},
	keywords={computer bootstrapping;peer-to-peer computing;protocols;ubiquitous computing;P2P techniques;bootstrapping protocol;central server infrastructure;decentralized bootstrapping;pervasive applications;Application software;Communication networks;IP networks;Investments;Network servers;Peer to peer computing;Protocols;Robustness;Routing;Web and internet services},
	doi={10.1109/PERCOMW.2007.36},}


@internet{smb,
	visited={05.05.2015},
	organization = {Samba-Team},
	title =  {Samba VFS attributes},
	month = {05},
	year = {2015},
	url = {https://www.samba.org/samba/docs/man/manpages/vfs_streams_xattr.8.html}
}


@internet{kernelwiki,
	visited={05.05.2015},
	
	organization = {djwong},
	title =  {Ext4 Disk Layout},
	month = {05},
	year = {2015},
	url = {https://ext4.wiki.kernel.org/index.php/Ext4_Disk_Layout}
}

@internet{windowsserver2008,
	visited={05.05.2015},
	
	organization = {Microsoft},
	title =  {Schrittweise Anleitung für Dienste für NFS unter Windows Server 2008},
	month = {12},
	year = {2010},
	url = {https://technet.microsoft.com/de-de/library/cc753302.aspx}
}


@internet{javanio,
	visited={05.05.2015},
	
	organization = {Oracle (SUN)},
	title =  {Java 7 NIO API},
	month = {05},
	year = {2015},
	url = {https://docs.oracle.com/javase/7/docs/api/java/nio/file/attribute/UserDefinedFileAttributeView.html}
}



@internet{macdsa,
	visited={05.05.2015},
	
	organization = {Apple},
	title =  {Mac OS Attribute},
	month = {05},
	year = {2015},
	url = {https://developer.apple.com/library/mac/documentation/Darwin/Reference/ManPages/man7/DirectoryServiceAttributes.7.html}
}

@internet{maclimit,
	visited={05.05.2015},
	
	organization = {Apple},
	title =  {Mac OS HSF+},
	month = {05},
	year = {2015},
	url = {https://support.apple.com/en-us/HT201711}
} 

@internet{macntfs,
	visited={05.05.2015},
	
	organization = {Paragon Software Group, Paragon Technologie GmbH},
	title =  {NTFS Treiber für Mac OS },
	month = {05},
	year = {2015},
	url = {https://www.paragon-software.de/de/home/ntfs-mac/}
}

@internet{gstat,
    visited={03.09.2015},
    
    organization = {Google IPv6 Statistic},
    title =  {Google IPv6 Statistic},
    month = {09},
    year = {2015},
    url = {http://www.google.com/intl/en/ipv6/statistics.html}
}


@internet{cani,
    visited={03.09.2015},
    
    organization = {Alexis Deveria, Fyrd},
    title =  {Can I use WebRTC},
    month = {09},
    year = {2015},
    url = {http://caniuse.com/#feat=rtcpeerconnection}
}


@internet{phpw,
    visited={03.09.2015},
    
    organization = {PHP Windows},
    title =  {PHP for Windows},
    month = {09},
    year = {2015},
    url = {http://windows.php.net/}
}



@internet{winext,
	visited={05.05.2015},
	
	organization = {ext2fsd Projekt},
	title =  {Ext Treiber für Windows},
	month = {05},
	year = {2015},
	url = {http://www.ext2fsd.com/}
}

@internet{btrfs,
	visited={05.05.2015},
	
	organization = {Kdave},
	title =  {BTRFS Wiki},
	month = {05},
	year = {2015},
	url = {https://btrfs.wiki.kernel.org/index.php/Main_Page}
}

@internet{zfslinux,
	visited={05.05.2015},
	
	organization = {zfsonlinux},
	title =  {ZFS on Linux },
	month = {05},
	year = {2015},
	url = {http://zfsonlinux.org/}
}


@internet{ntfslimit,
	visited={05.05.2015},
	
	organization = {Microsoft},
	title =  {How NTFS Works },
	month = {03},
	year = {2003},
	url = {https://technet.microsoft.com/en-us/library/cc781134.aspx}
}

@internet{fatlimit,	
	visited={05.05.2015},
	
	organization = {Microsoft},
	title =  {Beschränkungen des FAT32-Dateisystems in Windows XP },
	month = {01},
	year = {2014},
	url = {https://support.microsoft.com/de-de/kb/314463}
}

@internet{zfsraid,
	visited={05.05.2015},
	
	organization = {Oracle},
	title =  {WHEN TO (AND NOT TO) USE RAID-Z  },
	month = {05},
	year = {2006},
	url = {https://blogs.oracle.com/roch/entry/when_to_and_not_to}
}

@internet{glassfishcluster,
	visited={05.05.2015},
	
	organization = {Oracle},
	title =  {GlassFish Server Open Source Edition High Availability Administration Guide},
	month = {05},
	year = {2013},
	url = {https://glassfish.java.net/docs/4.0/ha-administration-guide.pdf}
}



@internet{httpx2,
    visited={01.10.2015},
    organization = {OpenJDK},
    year = {2015},
    title =  {Java 9},
    url = {http://openjdk.java.net/projects/jdk9/}
}

@internet{httpx1,
    visited={01.10.2015},
    organization = {OpenJDK},
    year = {2015},
    title =  {Java JEP 110},
    url = {http://openjdk.java.net/jeps/110}
}

@internet{memcache,
    visited={01.10.2015},
    organization = {MemCached},
    year = {2015},
    title =  {MEMCACHED object caching system},
    url = {http://memcached.org/}
}

@internet{javabc,
    visited={01.10.2015},
    organization = {Legion of the Bouncy Castle},
    year = {2015},
    title =  {Legion of the Bouncy Castle Java cryptography APIs},
    url = {https://www.bouncycastle.org/java.html}
}



@internet{davlimit,
    visited={01.10.2015},
    organization = {Microsoft},
    year = {2015},
    title =  {Webdav limits in Windows},
    url = {https://support.microsoft.com/en-us/kb/2668751}
}

@internet{httplimit,
    visited={01.10.2015},
    organization = {Microsoft},
    year = {2015},
    title =  {HTTP limits in Windows},
    url = {https://support.microsoft.com/en-us/kb/298618}
}



@internet{telekomlahr,
    visited={01.10.2015},
    organization = {Baden Online},
    year = {2015},
    title =  {Telekom Netzausbau, in Lahr },
    url = {http://www.bo.de/lokales/lahr/surfen-mit-hochgeschwindigkeit}
}


@internet{googledrive,
    visited={01.10.2015},
    
    organization = {Google},
    year = {2015},
    title =  {Google Drive Download},
    url = {https://www.google.com/intl/de_de/drive/download/}
}

@book{glassfishee7,
	title={Java EE 7 with GlassFish 4 Application Server},
	author={Heffelfinger, D.R.},
	isbn={9781782176893},
	series={**},
	url={https://books.google.de/books?id=dtcrAwAAQBAJ},
	year={2014},
	publisher={Packt Publishing}
}
@book{schmidt2002pattern,
	title={Pattern-orientierte Software-Architektur: Muster f{\"u}r nebenl{\"a}ufige und vernetzte Objekte},
	author={Schmidt, D.C. and Buschmann, M.},
	isbn={9783898641425},
	url={https://books.google.de/books?id=ixGlPQAACAAJ},
	year={2002},
	publisher={dpunkt-Verlag}
}
@book{gamma2011entwurfsmuster,
	title={Entwurfsmuster: Elemente wiederverwendbarer objektorientierter Software},
	author={Gamma, E. and Johnson, R. and Helm, R. and Vlissides, J.},
	isbn={9783827330437},
	series={Programmer's choice},
	url={https://books.google.de/books?id=tmNNfSkfTlcC},
	year={2011},
	publisher={Pearson Deutschland}
}

@book{buschmann1998pattern,
    title={Pattern-orientierte Software-Architektur: ein Pattern-System},
    author={Buschmann, F.},
    isbn={9783827312822},
    series={Professionelle Softwareentwicklung},
    url={https://books.google.de/books?id=o2nuK0qpo3QC},
    year={1998},
    publisher={Addison-Wesley}
}


@book{bien2003j2ee,
title={J2EE Patterns},
author={Bien, A.},
isbn={9783827321244},
series={Programmer's Choice},
url={https://books.google.de/books?id=xS6jCGMMRDYC},
year={2003},
publisher={Pearson Deutschland}
}
@book{cederholm2009web,
    title={Web Standards Solutions: The Markup and Style Handbook, Special Edition},
    author={Cederholm, D.},
    isbn={9781430219217},
    series={IT Pro},
    url={https://books.google.de/books?id=NY8mHf5WVLcC},
    year={2009},
    publisher={Apress}
}

@book{bejeck2013getting,
    title={Getting Started with Google Guava},
    author={Bejeck, B.},
    isbn={9781783280155},
    series={Community experience distilled},
    url={https://books.google.de/books?id=\_ymlngEACAAJ},
    year={2013},
    publisher={Packt Publishing, Limited}
}

@book{kuhlen2013grundlagen,
    title={Grundlagen der praktischen Information und Dokumentation: Handbuch zur Einf{\"u}hrung in die Informationswissenschaft und -praxis},
    author={Kuhlen, R. and Semar, W. and Strauch, D.},
    isbn={9783110258226},
    lccn={2013009369},
    url={https://books.google.de/books?id=50ukMQEACAAJ},
    year={2013},
    publisher={De Gruyter Saur}
}

@book{surendorf2010mac,
  title={Mac OS X Snow Leopard: das umfassende Handbuch ; [Grundlagen, Anwendung, Praxiswissen ; mit Boot Camp, Time Machine u.v.m. ; inkl. Automator, Terminal, AppleScript \& Netzwerke]},
  author={Surendorf, K.},
  isbn={9783836214759},
  series={Edition PAGE},
  url={https://books.google.de/books?id=uHK4PwAACAAJ},
  year={2010},
  publisher={Galileo Press}
}

